
    <zs:record>
      <zs:recordSchema/>
      <zs:recordPacking>xml</zs:recordPacking>
      <zs:recordData>
        <record xmlns="http://www.loc.gov/MARC21/slim">
          <leader>02190cam a22004098i 4500</leader>
          <controlfield tag="001">22677806</controlfield>
          <controlfield tag="005">20220720170746.0</controlfield>
          <controlfield tag="008">220625s2022    enk      b    001 0 eng  </controlfield>
          <datafield tag="906" ind1=" " ind2=" ">
            <subfield code="a">7</subfield>
            <subfield code="b">cbc</subfield>
            <subfield code="c">orignew</subfield>
            <subfield code="d">1</subfield>
            <subfield code="e">ecip</subfield>
            <subfield code="f">20</subfield>
            <subfield code="g">y-gencatlg</subfield>
          </datafield>
          <datafield tag="925" ind1="0" ind2=" ">
            <subfield code="a">acquire</subfield>
            <subfield code="b">1 shelf copy</subfield>
            <subfield code="x">policy default</subfield>
          </datafield>
          <datafield tag="955" ind1=" " ind2=" ">
            <subfield code="b">LBSOR 2022-06-25</subfield>
            <subfield code="e">xk33 2022-07-18 (telework) to PTCP/CLED</subfield>
            <subfield code="a">jr12 2022-07-20 to Dewey</subfield>
            <subfield code="w">xm13 2022-07-20</subfield>
          </datafield>
          <datafield tag="010" ind1=" " ind2=" ">
            <subfield code="a">  2022022859</subfield>
          </datafield>
          <datafield tag="020" ind1=" " ind2=" ">
            <subfield code="a">9781009223584</subfield>
            <subfield code="q">(hardback)</subfield>
          </datafield>
          <datafield tag="020" ind1=" " ind2=" ">
            <subfield code="z">9781009223577</subfield>
            <subfield code="q">(ebook)</subfield>
          </datafield>
          <datafield tag="040" ind1=" " ind2=" ">
            <subfield code="a">LBSOR/DLC</subfield>
            <subfield code="b">eng</subfield>
            <subfield code="e">rda</subfield>
            <subfield code="c">DLC</subfield>
          </datafield>
          <datafield tag="042" ind1=" " ind2=" ">
            <subfield code="a">pcc</subfield>
          </datafield>
          <datafield tag="050" ind1="0" ind2="0">
            <subfield code="a">PR3592.M35</subfield>
            <subfield code="b">H64 2022</subfield>
          </datafield>
          <datafield tag="082" ind1="0" ind2="0">
            <subfield code="a">821/.4</subfield>
            <subfield code="2">23/eng/20220720</subfield>
          </datafield>
          <datafield tag="084" ind1=" " ind2=" ">
            <subfield code="a">LIT004120</subfield>
            <subfield code="2">bisacsh</subfield>
          </datafield>
          <datafield tag="100" ind1="1" ind2=" ">
            <subfield code="a">Hodgson, Elizabeth,</subfield>
            <subfield code="d">1962-</subfield>
            <subfield code="e">author.</subfield>
          </datafield>
          <datafield tag="245" ind1="1" ind2="4">
            <subfield code="a">The masculinities of John Milton :</subfield>
            <subfield code="b">cultures and constructs of manhood in the major works /</subfield>
            <subfield code="c">Elizabeth Hodgson.</subfield>
          </datafield>
          <datafield tag="263" ind1=" " ind2=" ">
            <subfield code="a">2210</subfield>
          </datafield>
          <datafield tag="264" ind1=" " ind2="1">
            <subfield code="a">Cambridge, United Kingdom ;</subfield>
            <subfield code="a">New York, NY :</subfield>
            <subfield code="b">Cambridge University Press,</subfield>
            <subfield code="c">2022.</subfield>
          </datafield>
          <datafield tag="300" ind1=" " ind2=" ">
            <subfield code="a">pages cm</subfield>
          </datafield>
          <datafield tag="336" ind1=" " ind2=" ">
            <subfield code="a">text</subfield>
            <subfield code="b">txt</subfield>
            <subfield code="2">rdacontent</subfield>
          </datafield>
          <datafield tag="337" ind1=" " ind2=" ">
            <subfield code="a">unmediated</subfield>
            <subfield code="b">n</subfield>
            <subfield code="2">rdamedia</subfield>
          </datafield>
          <datafield tag="338" ind1=" " ind2=" ">
            <subfield code="a">volume</subfield>
            <subfield code="b">nc</subfield>
            <subfield code="2">rdacarrier</subfield>
          </datafield>
          <datafield tag="504" ind1=" " ind2=" ">
            <subfield code="a">Includes bibliographical references and index.</subfield>
          </datafield>
          <datafield tag="505" ind1="0" ind2=" ">
            <subfield code="a">Peer review : the Ludlow masque -- Nearly headless husbands : the divorce tracts -- Chatting up : Paradise lost -- True warfaring Christian : Aereopagitica &amp; Paradise regained -- Lean on me : Samson Agonistes -- Postlude : pity the tale of Milton.</subfield>
          </datafield>
          <datafield tag="520" ind1=" " ind2=" ">
            <subfield code="a">"The first published book on John Milton's masculinities, this study shows how a revolutionary poet preached liberty yet elevated manly authority. Building on his era's practices of war, education, socialization, and political marriage, Milton's aggressive, ambivalent masculinities are exposed as strategically and emphatically self-serving"--</subfield>
            <subfield code="c">Provided by publisher.</subfield>
          </datafield>
          <datafield tag="600" ind1="1" ind2="0">
            <subfield code="a">Milton, John,</subfield>
            <subfield code="d">1608-1674</subfield>
            <subfield code="x">Criticism and interpretation.</subfield>
          </datafield>
          <datafield tag="650" ind1=" " ind2="0">
            <subfield code="a">Masculinity in literature.</subfield>
          </datafield>
          <datafield tag="650" ind1=" " ind2="0">
            <subfield code="a">Men in literature.</subfield>
          </datafield>
          <datafield tag="650" ind1=" " ind2="0">
            <subfield code="a">English poetry</subfield>
            <subfield code="y">Early modern, 1500-1700</subfield>
            <subfield code="x">History and criticism.</subfield>
          </datafield>
          <datafield tag="655" ind1=" " ind2="7">
            <subfield code="a">Literary criticism.</subfield>
            <subfield code="2">lcgft</subfield>
          </datafield>
          <datafield tag="650" ind1=" " ind2="7">
            <subfield code="a">LITERARY CRITICISM / European / English, Irish, Scottish, Welsh</subfield>
            <subfield code="2">bisacsh</subfield>
          </datafield>
          <datafield tag="985" ind1=" " ind2=" ">
            <subfield code="a">LBSORCIP</subfield>
            <subfield code="d">2022-07-01</subfield>
          </datafield>
        </record>
      </zs:recordData>
      <zs:recordPosition>3</zs:recordPosition>
    </zs:record>